@article{coile07,
    author =       "Courtney Coile and Jonathan Gruber",
    title =        "Future social security entitlements and the retirement decision.",
    journal =      "The Review of Economics and Statistics",
    volume =       "89",
    number =       "2",
    pages =        "234–246",
    year =         "2007"
}

@article{coile07,
    author =       "Courtney Coile and Jonathan Gruber",
    title =        "Future social security entitlements and the retirement decision.",
    journal =      "The Review of Economics and Statistics",
    volume =       "89",
    number =       "2",
    pages =        "234–246",
    year =         "2007"
}

@article{stock90,
    author =       "Stock, J.H. and Wise, D.A.",
    title =        "Pensions, the option value of work, and retirement.",
    journal =      "Econometrica",
    volume =       "58",
    number =       "5",
    pages =        "1151–1180.",
    year =         "1990"
}



@article{krueger92,
    author =       "Alan Krueger and Jorn Pischke",
    title =        "The Effect of Social Security on Labor Supply: A Cohort Analysis of the Notch Generation",
    journal =      "Journal of Labor Economics",
    volume =       "10",
    number =       "4",
    pages =        "412-437",
    year =         "1992"
}

@article{mastrobouni09,
    author =       "Giovanni Mastrobuoni",
    title =        "Labor supply effects of the recent social security benefit cuts: empirical estimates using cohort discontinuities.",
    journal =      "J. Public Econ.",
    volume =       "93",
    number =       "11-12",
    pages =        "1224-1233",
    year =         "2009"
}

@article{manoli14,
    author =       "Dayanand Manoli and Andrea Weber",
    title =        "Nonparametric Evidence on the Effects of Financial Incentives on Retirement Decisions.",
    journal =      "CESifo Working Paper no. 4619",
    volume =       "",
    number =       "",
    pages =        "",
    year =         "2014"
}

@article{manoli14,
    author =       "Dayanand Manoli and Andrea Weber",
    title =        "Nonparametric Evidence on the Effects of Financial Incentives on Retirement Decisions.",
    journal =      "CESifo Working Paper no. 4619",
    volume =       "",
    number =       "",
    pages =        "",
    year =         "2014"
}   

@article{cerda05,
    author =       "Rodrigo A. Cerda",
    title =        "Does social security affect retirement and labor supply? Evidence from Chile.",
    journal =      "Developing Economies",
    volume =       "53",
    number =       "2",
    pages =        "235–264",
    year =         "2005"
}

@article{vestad13,
  author =       {Ola Vestad},
  title =        {Labour supply effects of early retirement provision.},
  journal =      {Labour Econ.},
  year =         {2013},
  number =       {25},
  pages =        {98-109}
}


@Article{staubli13,
  author =       {Stefan Staubli and Josef Zweimüller},
  title =        {Does raising the early retirement age increase employment of older workers?},
  journal =      {J. Public Econ.},
  year =         2013,
  volume =       108,
  pages =     {17–32}
}



@Article{atalay15,
  author =       {Kadir Atalay and Gary Barrett},
  title =        {The impact of age pension eligibility age on retire- ment and program dependence: evidence from an Australian experiment.},
  journal =      {Rev. Econ. Stat.},
  year =         2015,
  volume =    97,
  number =    1,
  pages =     {71-87}
}



@Article{cribb16,
  author =       {Cribb, J. and Emmerson, C. and Tetlow, G.},
  title =        { Signals matter? Large retirement responses to limited financial incentives.},
  journal =      {Labour Economics},
  year =         2016,
  volume =    42,
  pages =     {203-212}
}

@Article{hanel09,
  author =       {Barbara Hanel},
  title =        {Financial incentives to postpone retirement and further effects on employment—evidence from a natural experiment.},
  journal =      {Labour Economics},
  year =         2010,
  volume =    17 ,
  pages =     {474–486}
 }


@Article{hanel12a,
  author =       {Barbara Hanel and T. Riphahn},
  title =        {The timing of retirement: new evidence from Swiss female workers.},
  journal =      {Labour Econ},
  year =         2012,
  volume =    19,
  pages =     {718–728}
 }

@Article{hanel12b,
  author =       {Barbara Hanel},
  title =        {The effect of disability pension incentives on early retirement decisions.},
  journal =      {Labour Economics},
  year =         2012,
  volume =    19,
  pages =     {595–607}
 }
 
@article{ocde11,
 author = {OECD},
 title = {Pensions at a glance 2011},
 year = {2011},
}

